@misc{wiki-tad,
	title = {Type abstrait de données},
	howpublished = {\url{https://fr.wikipedia.org/wiki/Type_abstrait}},
	note = {Accessed: 22-09-2015}
}

@misc{mod-obj,
	title = {Modélisation objet},
	howpublished = {\url{http://www-perso.unilim.fr/tayed.ould-braham/C_java_pdf/TC_Modelisation.pdf}},
	note = {Accessed: 22-09-2015}
}

@misc{stack1,
	title = {One Stack, Two Queues},
	howpublished = {\url{http://cstheory.stackexchange.com/questions/2562/one-stack-two-queues/2589#2589}},
	note = {Accessed: 22-09-2015}
}

@book{nino,
    author    = "Jaime Nino, Frederick A. Hosch",
    title     = "Programming and Object Oriented Design Using Java",
    year      = "2008",
    publisher = "Wiley",
}